
@book{swebok2004,
  address = {EUA},
  author = {{IEEE Computer Society}},
  editor = {Bourque, Pierre and Dupuis, Robert},
  publisher = {IEEE Press},
  title = {Software Engineering Body of Knowledge (SWEBOK)},
  url = {http://www.swebok.org/},
  year = {2014}
}
